@article{alonso2021telemedicine,
  title={{Telemedicine and e-Health research solutions in literature for combatting COVID-19: a systematic review}},
  author={Alonso, Susel G{\'o}ngora and Marques, Goncalo and Barrachina, Isidro and Garcia-Zapirain, Begonya and Arambarri, Jon and Salvador, Javier Cabo and de la Torre D{\'\i}ez, Isabel},
  journal={Health and Technology},
  pages={1-10},
  year={2021},
  publisher={Springer}
}

@misc{toral2021reliable,
  title={Reliable and Secure e-Health Networks},
  author={Toral-Cruz, Homero and He, Debiao and Mihovska, Albena D and Choo, Kim-Kwang Raymond and Khan, Muhammad Khurram},
  year={2021},
  publisher={Springer}
}

@article{torous2017needed,
  title={{Needed innovation in digital health and smartphone applications for mental health: Transparency and trust}},
  author={Torous, John and Roberts, Laura Weiss},
  journal={JAMA psychiatry},
  volume={74},
  number={5},
  pages={437-438},
  year={2017},
  publisher={American Medical Association}
}

@article{agboola2016digital,
  title={Digital health and patient safety},
  author={Agboola, Stephen O and Bates, David W and Kvedar, Joseph C},
  journal={Jama},
  volume={315},
  number={16},
  pages={1697-1698},
  year={2016},
  publisher={American Medical Association}
}

@article{birnbaum2015patient,
  title={Patient engagement and the design of digital health},
  author={Birnbaum, Faith and Lewis, Dana M and Rosen, Rochelle and Ranney, Megan L},
  journal={Academic emergency medicine: official journal of the Society for Academic Emergency Medicine},
  volume={22},
  number={6},
  pages={754},
  year={2015},
  publisher={NIH Public Access}
}

@article{christensen2014health,
  title={E-health interventions for suicide prevention},
  author={Christensen, Helen and Batterham, Philip J and O'Dea, Bridianne},
  journal={International journal of environmental research and public health},
  volume={11},
  number={8},
  pages={8193-8212},
  year={2014},
  publisher={Multidisciplinary Digital Publishing Institute}
}